@inproceedings{updateComment,
  author    = {Haroon Malik and
               Istehad Chowdhury and
               Hsiao-Ming Tsou and
               Zhen Ming Jiang and
               Ahmed E. Hassan},
  title     = {Understanding the rationale for updating a function's comment},
  booktitle = {ICSM},
  year      = {2008},
  pages     = {167--176},
}



----- bug life time -----
@article{deviant, 
 author = {Engler, Dawson and Chen, David Yu and Hallem, Seth and Chou, Andy and Chelf, Benjamin},
 title = {Bugs as deviant behavior: {A} general approach to inferring errors in systems code},
 journal = {SIGOPS OSR},
 volume = {35},
 number = {5},
 year = {2001},
 pages = {57--72},
}


#--------- prediction ------------------

@inproceedings{libre07,
  author    = {Israel Herraiz and
               Jes{\'u}s M. Gonz{\'a}lez-Barahona and
               Gregorio Robles and
               Daniel M. Germ{\'a}n},
  title     = {On the prediction of the evolution of libre software projects},
  booktitle = {ICSM},
  year      = {2007},
  pages     = {405--414},
}


# efforts: lines of code (experience)
@inproceedings{effort03,
 author = {Mockus, Audris and Weiss, David M. and Zhang, Ping},
 title = {Understanding and predicting effort in software projects},
 booktitle = {ICSE},
 year = {2003},
} 


# used some developer experience  (lines of code) metrics
@inproceedings{devNetwork08,
 author = {Meneely, Andrew and Williams, Laurie and Snipes, Will and Osborne, Jason},
 title = {Predicting failures with developer networks and social network analysis},
 booktitle = {SIGSOFT/FSE},
 year = {2008},
 pages = {13--23},
} 

@inproceedings{depGraph08,
 author = {Zimmermann, Thomas and Nagappan, Nachiappan},
 title = {Predicting defects using network analysis on dependency graphs},
 booktitle = {ICSE},
 year = {2008},
} 


  @Comment volume    = {17},
  @Comment number    = {4},
  @Comment pages     = {375--407},
@article{predictionMenzies10,
  author    = {Tim Menzies and
               Zach Milton and
               Burak Turhan and
               Bojan Cukic and
               Yue Jiang and
               Ayse Basar Bener},
  title     = {Defect prediction from static code features: current results,
               limitations, new approaches},
  journal   = {ASE},
  year      = {2010},
}

@inproceedings{Hassan09,
 author = {Hassan, Ahmed E.},
 title = {Predicting faults using the complexity of code changes},
 booktitle = {ICSE},
 year = {2009},
 pages = {78--88},
} 


#---------- distributed development vs. code quality
@inproceedings{global06,
 author = {Spinellis, Diomidis},
 title = {Global software development in the {FreeBSD} project},
 booktitle = {GSD},
 year = {2006},
 pages = {73--79},
} 



@inproceedings{organizational08,
  author    = {Nachiappan Nagappan and
               Brendan Murphy and
               Victor R. Basili},
  title     = {The influence of organizational structure on software quality: {A}n empirical case study},
  booktitle = {ICSE},
  year      = {2008},
  pages     = {521--530},
}

 @Comment {A}n
 @Comment               empirical case study of {Windows} {Vista}
@inproceedings{distributed09,
  author    = {Christian Bird and
               Nachiappan Nagappan and
               Premkumar T. Devanbu and
               Harald Gall and
               Brendan Murphy},
  title     = {Does distributed development affect software quality?},
  booktitle = {ICSE},
  year      = {2009},
  pages     = {518--528},
}


  @Comment volume    = {31},
  @Comment number    = {6},
  @Comment year      = {2005},
  @Comment pages     = {511--526},
@article{smallCommits05,
  author    = {Ranjith Purushothaman and
               Dewayne E. Perry},
  title     = {Toward Understanding the Rhetoric of Small Source Code Changes},
  journal   = {IEEE TSE},
  year = {2005},
}


@inproceedings{Swanson76,
  author    = {E. Burton Swanson},
  title     = {The Dimensions of Maintenance},
  booktitle = {ICSE},
  year      = {1976},
  pages     = {492-497},
}


@inproceedings{commitTextualClassification,
  author    = {Audris Mockus and
               Lawrence G. Votta},
  title     = {Identifying Reasons for Software Changes using Historic
               Databases},
  booktitle = {ICSM},
  year      = {2000},
}


@inproceedings{largeCommits,
 author = {Hindle, Abram and German, Daniel M. and Holt, Ric},
 title = {What do large commits tell us?: {A} taxonomical study of large commits},
 fbooktitle = {Proceedings of the 2008 international working conference on Mining software repositories},
 booktitle= {MSR},
 year = {2008},
 pages = {99--108},
} 

@inproceedings{iComment,
    author = "Lin Tan and Ding Yuan and Gopal Krishna and Yuanyuan Zhou",
    title  = "/* i{C}omment: {B}ugs or Bad Comments? */",
    booktitle = "SOSP",
    year   = "2007",
}


@article{ostrand05predicting,
  authorf    = {Thomas J. Ostrand and
               Elaine J. Weyuker and
               Robert M. Bell},
  author    = {Thomas Ostrand and
               Elaine Weyuker and
               Robert Bell},
  title     = {Predicting the Location and Number of Faults in Large Software
               Systems.},
  journal   = {IEEE TSE},
  volume    = {31},
  number    = {4},
  year      = {2005},
  pagesf     = {340--355},
}

@inproceedings{ guo04robust,
  author    = {Lan Guo and Yan Ma and Bojan Cukic and Harshinder Singh},
  title     = {Robust Prediction of Fault-Proneness by Random Forests},
  booktitle = {ISSRE},
  booktitlef = {15th International Symposium on Software Reliability Engineering},
  year      = {2004},
  pagesf     = {417--428},
}

@article{ graves00predicting,
 author = {Todd Graves and Alan Karr and J. Marron and Harvey Siy},
 title = {Predicting Fault Incidence Using Software Change History},
 journal = {IEEE TSE},
 volumef = {26},
 numberf = {7},
 year = {2000},
 pagesf = {653--661},
}

@inproceedings{ccomment,
    author = {Yoann Padioleau and Lin Tan and Yuanyuan Zhou},
    title = {Listening to Programmers---{T}axonomies and Characteristics of Comments in Operating System Code},
    booktitle = {ICSE},
    year   = {2009},
}


@conference{hattori2008nature,
  title={{On the nature of commits}},
  author={Hattori, L.P. and Lanza, M.},
  booktitle={ASE},
  pages={63--71},
  year={2008},
}

@article{2004-industry,
  title={{Industry software cost, quality and productivity benchmarks}},
  author={Reifer, D.},
  journal={DACS Newsletter},
  volume={7},
  number={2},
  year={2004}
}

@inproceedings{sliwerski-msr-2005,
    title = "When do Changes Induce Fixes?",
    author = "Jacek {\'S}liwerski and Thomas Zimmermann and Andreas Zeller",
    year = "2005",
    booktitle = "MSR",
    pages = "24--28",
}

@conference{2006-automatic,
  title={{Automatic identification of bug-introducing changes}},
  author={Kim, S. and Zimmermann, T. and Pan, K. and Whitehead, E.J.},
  booktitle={ASE},
  pages={81--90},
  year={2006}
}

@conference{2006-long,
  title={{How long did it take to fix bugs?}},
  author={Kim, S. and Whitehead Jr, E.J.},
  booktitle={MSR},
  pages={173--174},
  year={2006},
}

@inproceedings{zimmermann-promise-2007,
    title = "Predicting Defects for Eclipse",
    author = "T. Zimmermann and R. Premraj and Andreas Zeller",
    year = "2007",
    booktitle = "PROMISE",
}


@conference{bird2007detecting,
  title={{Detecting patch submission and acceptance in {OSS} projects}},
  author={Bird, C. and Gourley, A. and Devanbu, P.},
  booktitle={MSR},
  pages={26},
  year={2007},
}

@article{kagdi2007survey,
  title={{A survey and taxonomy of approaches for mining software repositories in the context of software evolution}},
  author={Kagdi, H. and Collard, M.L. and Maletic, J.I.},
  journal={Journal of Software Maintenance and Evolution: Research and Practice},
  volume={19},
  number={2},
  pages={77--131},
  year={2007},
}

# not used
@conference{lopez2004applying,
  title={{Applying social network analysis to the information in cvs repositories}},
  author={Lopez-Fernandez, L. and Robles, G. and Gonzalez-Barahona, J.M. and others},
  booktitle={MSR},
  year={2004},
}

@article{canfora2005impact,
  title={{Impact analysis by mining software and change request repositories}},
  author={G. Canfora and L. Cerulo},
  booktitle = {IEEE METRICS},
  year={2005},

}

@conference{livshits2005dynamine,
  title={{DynaMine: finding common error patterns by mining software revision histories}},
  author={Livshits, B. and Zimmermann, T.},
  booktitle={Proceedings of the 10th European software engineering conference held jointly with 13th ACM SIGSOFT international symposium on Foundations of software engineering},
  pages={296--305},
  isbn={1595930140},
  year={2005},
  organization={ACM}
}

@conference{kim2006automatic,
  title={{Automatic identification of bug-introducing changes}},
  author={Kim, S. and Zimmermann, T. and Pan, K. and Whitehead, E.J.},
  booktitle={ASE},
  pages={81--90},
  year={2006}
}

@conference{li2006have,
  title={{Have things changed now?: {A}n empirical study of bug characteristics in modern open source software}},
  author={Li, Z. and Tan, L. and Wang, X. and Lu, S. and Zhou, Y. and Zhai, C.},
  booktitle={ASPLOS},
  pages={25--33},
  year={2006},
}

#not used
@conference{schneider2004mining,
  title={{Mining a software developerâ€™s local interaction history}},
  author={Schneider, K.A. and Gutwin, C. and Penner, R. and Paquette, D.},
  booktitle={MSR},
  pages={106--110},
  year={2004},
}

@article{howison2006flossmole,
  title={{FLOSSmole: A collaborative repository for FLOSS research data and analyses}},
  author={Howison, J. and Conklin, M. and Crowston, K.},
  journal={International Journal of Information Technology and Web Engineering},
  volume={1},
  number={3},
  pages={17},
  issn={1554-1045},
  year={2006},
  publisher={IGI Publishing, 701 E. Chocolate Ave, Suite 200, Hershey, PA, 17033-1240, USA,}
}

@conference{zaidman2008mining,
  title={{Mining software repositories to study co-evolution of production \& test code}},
  author={Zaidman, A. and Van Rompaey, B. and Demeyer, S. and Van Deursen, A.},
  booktitle={Software Testing, Verification, and Validation, 2008 1st International Conference on},
  pages={220--229},
  year={2008},
  organization={IEEE}
}

@Misc{haas09:_so_why_postg_using_git,
  author = 	 {Robert Haas},
  title = 	 {So, Why isn't {PostgreSQL} Using {Git} yet?},
  howpublished = {{http://rhaas.blogspot.com/2010\_09\_01\_archive.html}},
}

@inproceedings{zimmermann-msr-2004,
    title = "Preprocessing {CVS} Data for Fine-grained Analysis",
    author = "Thomas Zimmermann and Peter Wei{\ss}gerber",
    year = "2004",
    booktitle = "MSR",
    pages = "2--6",
}
