@inproceedings{2011-msr-eyolfson,
  author = {Jon Eyolfson and Lin Tan and Patrick Lam},
  title = {Do Time of Day and Developer Experience Affect Commit Bugginess?},
  booktitle = {Proceedings of the 8th Working Conference on Mining Software Repositories (MSR 2011)},
  year = 2011,
  pages = {153--162},
  address = {Honolulu, HI},
  month = may,
}
