@article{ostrand05predicting,
  authorf    = {Thomas J. Ostrand and
               Elaine J. Weyuker and
               Robert M. Bell},
  author    = {Thomas Ostrand and
               Elaine Weyuker and
               Robert Bell},
  title     = {Predicting the Location and Number of Faults in Large Software
               Systems.},
  journal   = {IEEE TSE},
  volume    = {31},
  number    = {4},
  year      = {2005},
  pagesf     = {340-355},
}

@inproceedings{ guo04robust,
  author    = {Lan Guo and Yan Ma and Bojan Cukic and Harshinder Singh},
  title     = {Robust Prediction of Fault-Proneness by Random Forests},
  booktitle = {ISSRE},
  booktitlef = {15th International Symposium on Software Reliability Engineering},
  year      = {2004},
  pagesf     = {417--428},
}

@article{ graves00predicting,
 author = {Todd Graves and Alan Karr and J. Marron and Harvey Siy},
 title = {Predicting Fault Incidence Using Software Change History},
 journal = {IEEE TSE},
 volumef = {26},
 numberf = {7},
 year = {2000},
 issnf = {0098-5589},
 pagesf = {653--661},
}

@inproceedings{ccomment,
    author = {Yoann Padioleau and Lin Tan and Yuanyuan Zhou},
    title = {Listening to Programmers - {T}axonomies and Characteristics of Comments in Operating System Code},
    booktitle = {ICSE},
    fbooktitle = {Proceedings of the 31st International Conference on Software Engineering (ICSE'09)},
    fmonth  = {May},
    year   = {2009},
}


@conference{hattori2008nature,
  title={{On the nature of commits}},
  author={Hattori, L.P. and Lanza, M.},
  booktitle={Automated Software Engineering-Workshops, 2008. ASE Workshops 2008. 23rd IEEE/ACM International Conference on},
  pages={63--71},
  year={2008},
  organization={IEEE}
}

@article{2002-economic,
  title={{The economic impacts of inadequate infrastructure for software testing}},
  author={Tassey, G.},
  journal={National Institute of Standards and Technology, RTI Project},
  year={2002},
  publisher={Citeseer}
}

@article{2004-industry,
  title={{Industry software cost, quality and productivity benchmarks}},
  author={Reifer, D.},
  journal={DACS Newsletter},
  volume={7},
  number={2},
  year={2004}
}

@article{2005-changes,
  title={{When do changes induce fixes?}},
  author={Sliwerski, J. and Zeller, T.Z.A.},
  journal={Change},
  volume={1},
  number={1.18},
  pages={1--19},
  year={2005},
  publisher={Citeseer}
}

@conference{2006-automatic,
  title={{Automatic identification of bug-introducing changes}},
  author={Kim, S. and Zimmermann, T. and Pan, K. and Whitehead, E.J.},
  booktitle={21st IEEE/ACM International Conference on Automated Software Engineering, 2006. ASE'06},
  pages={81--90},
  year={2006}
}

@conference{2006-long,
  title={{How long did it take to fix bugs?}},
  author={Kim, S. and Whitehead Jr, E.J.},
  booktitle={Proceedings of the 2006 international workshop on Mining software repositories},
  pages={173--174},
  year={2006},
  organization={ACM}
}

@conference{2006-if,
  title={{If your bug database could talk}},
  author={Schr{\"o}ter, A. and Zimmermann, T. and Premraj, R. and Zeller, A.},
  booktitle={Proceedings of the 5th international symposium on empirical software engineering},
  volume={2},
  pages={18--20},
  year={2006},
  organization={Citeseer}
}

@conference{bird2007detecting,
  title={{Detecting patch submission and acceptance in oss projects}},
  author={Bird, C. and Gourley, A. and Devanbu, P.},
  booktitle={Proceedings of the Fourth International Workshop on Mining Software Repositories},
  pages={26},
  isbn={076952950X},
  year={2007},
  organization={IEEE Computer Society}
}

@article{kagdi2007survey,
  title={{A survey and taxonomy of approaches for mining software repositories in the context of software evolution}},
  author={Kagdi, H. and Collard, M.L. and Maletic, J.I.},
  journal={Journal of Software Maintenance and Evolution: Research and Practice},
  volume={19},
  number={2},
  pages={77--131},
  issn={1532-0618},
  year={2007},
  publisher={Wiley Online Library}
}

@conference{lopez2004applying,
  title={{Applying social network analysis to the information in cvs repositories}},
  author={Lopez-Fernandez, L. and Robles, G. and Gonzalez-Barahona, J.M. and others},
  booktitle={International Workshop on Mining Software Repositories},
  year={2004},
  organization={Citeseer}
}

@article{canfora2005impact,
  title={{Impact analysis by mining software and change request repositories}},
  author={Canfora, G. and Cerulo, L.},
  issn={1530-1435},
  year={2005},
  publisher={IEEE Computer Society}
}

@conference{livshits2005dynamine,
  title={{DynaMine: finding common error patterns by mining software revision histories}},
  author={Livshits, B. and Zimmermann, T.},
  booktitle={Proceedings of the 10th European software engineering conference held jointly with 13th ACM SIGSOFT international symposium on Foundations of software engineering},
  pages={296--305},
  isbn={1595930140},
  year={2005},
  organization={ACM}
}

@conference{kim2006automatic,
  title={{Automatic identification of bug-introducing changes}},
  author={Kim, S. and Zimmermann, T. and Pan, K. and Whitehead, E.J.},
  booktitle={21st IEEE/ACM International Conference on Automated Software Engineering, 2006. ASE'06},
  pages={81--90},
  issn={1527-1366},
  year={2006}
}

@conference{li2006have,
  title={{Have things changed now?: an empirical study of bug characteristics in modern open source software}},
  author={Li, Z. and Tan, L. and Wang, X. and Lu, S. and Zhou, Y. and Zhai, C.},
  booktitle={Proceedings of the 1st workshop on Architectural and system support for improving software dependability},
  pages={25--33},
  isbn={1595935762},
  year={2006},
  organization={ACM}
}

@conference{schneider2004mining,
  title={{Mining a software developer’s local interaction history}},
  author={Schneider, K.A. and Gutwin, C. and Penner, R. and Paquette, D.},
  booktitle={MSR’04: Proceedings of the 2004 international workshop on Mining software repositories},
  pages={106--110},
  year={2004},
  organization={Citeseer}
}

@article{howison2006flossmole,
  title={{FLOSSmole: A collaborative repository for FLOSS research data and analyses}},
  author={Howison, J. and Conklin, M. and Crowston, K.},
  journal={International Journal of Information Technology and Web Engineering},
  volume={1},
  number={3},
  pages={17},
  issn={1554-1045},
  year={2006},
  publisher={IGI Publishing, 701 E. Chocolate Ave, Suite 200, Hershey, PA, 17033-1240, USA,}
}

@conference{zaidman2008mining,
  title={{Mining software repositories to study co-evolution of production \& test code}},
  author={Zaidman, A. and Van Rompaey, B. and Demeyer, S. and Van Deursen, A.},
  booktitle={Software Testing, Verification, and Validation, 2008 1st International Conference on},
  pages={220--229},
  year={2008},
  organization={IEEE}
}
